858 1233
354 83 434 95 umus
448 83 558 96 Arosrotiens

320 114 360 127 num
371 113 410 127 turn
418 109 436 127 in
443 109 519 133 privata,
528 113 566 128 tum
574 109 591 127 in
597 108 658 128 sociali
669 111 704 127 vita
713 109 795 127 actiones

321 138 367 159 erit,
383 139 495 162 promoverit
508 141 526 157 et
539 138 604 156 aluerit
616 138 649 156 hos
662 137 794 156 infelicissimos

320 171 350 183 um
364 168 430 187 motus,
444 169 463 184 et
476 165 633 190 perturbationes,
651 165 716 189 quibus
731 170 795 183 omnes

320 193 367 211 ndum
380 193 398 211 in
412 193 485 211 modum
499 193 596 217 agitantur,
610 196 629 211 et
642 192 752 216 affliguntur.

320 221 324 238 i
338 226 406 241 omnes.
421 221 451 245 qui
464 220 552 239 Ecclesiae
566 220 661 239 catholicae
675 220 760 239 unitatem
777 224 795 238 et

322 252 342 267 nt
356 248 388 273 (1),
403 249 516 267 occasionem
529 248 662 273 amplectantur
674 248 728 267 huius
746 247 795 267 con-

328 276 427 298 catholica,
441 277 470 295 eui
484 283 546 295 eorum
555 276 631 295 Maiores
643 276 728 301 adscripti
734 279 793 297 erant,

320 304 378 323 vitatis
386 317 392 326 ‚
413 308 432 323 et
456 304 599 329 inexpugnabilis
612 304 672 323 vitalis
684 304 712 323 sui
725 304 796 323 roboris

321 339 345 355 m,
360 339 381 352 ac
394 333 498 358 indigentiis
515 340 576 352 eorum
591 333 650 352 cordis
665 333 796 358 respondentes

320 367 362 386 pere
376 361 468 383 studeant,
482 362 500 380 in
513 367 549 386 quo
562 362 584 380 de
597 367 630 380 sua
645 361 717 386 propria
735 361 796 382 salute

320 393 366 408 sunt.
375 389 411 408 Nec
418 389 501 408 desinant
508 389 649 408 ferventissimas
658 390 796 411 miserationum

320 423 366 438 eces,
382 421 402 436 ut
415 417 508 436 divisionis
521 423 594 436 murum
609 417 698 439 disiieiet,
712 422 796 436 errorum

325 458 330 467 ,
344 451 411 469 eosque
423 445 446 463 ad
458 445 518 463 sinum
537 448 610 464 sanetae
629 445 691 463 Matris
703 444 797 463 Ecclesiae

320 478 366 491 >rum
380 473 456 494 Maiores
468 473 554 492 salutaria
567 473 614 491 vitae
627 479 692 497 pascua
707 472 795 494 habuere.

320 503 380 525 ntegra
392 500 460 519 Christi
474 501 513 520 lesu
526 501 608 522 electrina
616 504 706 523 servatur,
719 500 797 519 traditur

320 537 321 541 =
334 528 461 553 dispensantur
474 528 565 553 mysteria.

323 562 364 575 cum
379 562 401 575 ex
416 557 496 580 supremi
510 556 608 580 Apostoliei
624 556 684 575 Nostri
700 556 797 575 ministerii

320 590 326 602 )
332 584 405 603 Christo
411 582 488 605 Domino
495 584 591 603 commisso
598 590 661 603 omnes
669 584 711 603 boni
719 584 798 609 pastoris

320 618 335 631 ie
345 612 424 637 explere,
438 616 456 631 et
469 618 532 631 omnes
545 612 624 631 universi
639 616 728 631 terrarum
747 612 800 631 orbis

320 640 387 658 =aritate
400 640 491 664 prosequi,
505 643 523 659 et
540 640 625 664 amplecti
637 640 741 662 debeamus,
757 643 800 659 tum

322 674 342 686 es
347 668 455 686 christianos
462 674 472 686 a
479 667 534 686 Nobis
540 668 631 687 seiunctos
640 668 718 686 Litteras
724 668 800 690 damus,

320 699 371 720 itque
377 697 432 715 etiam
441 696 534 715 hortamur
543 700 561 715 et
570 696 692 718 obsecramus,
701 700 721 714 ut
729 696 752 714 ad
760 696 801 714 uui-

320 723 367 742 edire
374 723 468 745 festinent;
474 723 619 748 quandoquidem
626 729 688 742 eorum
697 724 715 741 in
724 723 803 742 Christo

320 751 374 769 mimo
389 757 504 775 summopere
521 754 614 775 optamus,
626 757 646 769 ae
661 751 761 772 timemus,
777 757 803 770 ne

320 779 341 797 ici
354 779 400 797 ratio
416 785 425 797 a
441 778 496 797 Nobis
507 778 603 803 aliquando
613 779 637 797 sit
651 779 747 800 reddenda,
763 779 804 797 nisi

330 810 364 829 est,
378 807 422 831 ipsis
435 806 557 828 ostendamus,
572 810 591 826 et
604 807 706 825 muniamus
719 807 767 825 viam
779 807 805 825 ad

324 835 453 859 assequendam
467 835 550 853 salutem.
561 835 580 853 ln
591 835 640 853 omni
655 839 704 854 certe
716 836 806 854 oratione

320 868 336 880 m
352 863 450 887 gratiarum
462 863 533 881 actione
542 868 634 887 nunquam
643 863 747 881 desistimus
759 863 807 882 dies

320 891 333 909 ie
344 890 450 909 caelestium
462 890 558 912 luminum,
567 894 585 909 et
595 891 693 914 gratiarum
706 890 808 910 abundan-

320 919 401 937 sumerum
408 918 482 937 Pastore
489 918 589 941 humiliter,
596 918 685 943 enixeque
692 925 805 943 exposcere.

320 947 352 965 iam
365 946 410 965 Eius
418 946 447 965 hie
458 947 476 965 in
492 947 545 965 terris
557 946 600 966 lieet
615 947 707 966 immerito
718 947 810 971 gerimus

320 974 406 993 rrantium
422 974 500 996 filiorum
516 975 537 994 ad
551 974 650 993 catholicae
664 974 756 993 Ecclesiae
775 981 810 994 re—

321 1008 330 1020 s
343 1002 426 1020 manibus
438 1002 563 1021 ardentissime
576 1005 701 1027 expectamus,
709 1005 729 1020 ut
741 1008 780 1021 eos
789 1003 811 1022 in

321 1035 370 1047 mum
382 1030 505 1048 amantissime
514 1030 605 1054 excipere,
614 1033 633 1048 et
640 1029 754 1048 inaexeustis
762 1031 812 1049 eius

320 1059 402 1077 ossimusv
414 1059 487 1077 Etenim
497 1065 518 1078 ex
534 1059 568 1078 hoe
577 1059 691 1083 optatissimo
698 1059 720 1077 ad
732 1060 812 1079 verita-

320 1087 341 1105 tis
354 1093 395 1106 cum
411 1087 499 1106 eathoiica
514 1087 595 1106 Ecclesia
611 1087 669 1105 reditu
687 1093 722 1106 non
738 1087 812 1108 solum

320 1150 337 1163 st.
347 1150 370 1163 οι.
380 1148 398 1162 al.
409 1150 441 1163 223.
