858 1233
19 0 234 23 rw‘

319 68 470 80 asmrsnurroms.
690 62 696 79 l
705 62 728 79 45

72 96 155 120 »pientia
168 95 260 115 existimet
272 101 345 114 causam
354 101 390 114 non
399 95 497 120 suscipere,
508 97 546 113 turn
560 95 631 113 loannis
644 94 669 113 nil
680 95 729 113 aliud

70 123 144 142 »faeere
156 123 211 142 dehet
223 129 277 147 quam
291 129 335 147 pure
347 126 367 142 et
382 123 488 147 simpliciter
507 129 527 141 se
546 128 597 141 meae
615 122 729 147 dispositioni

70 158 77 169 »
85 151 207 173 committere,
221 154 240 169 et
252 154 296 170 tunc
309 157 342 175 ego
354 150 408 170 finem
421 151 493 174 negotiu
506 150 598 175 imponam
606 163 611 172 ,
625 156 647 169 eo
658 150 729 169 iustiori

71 185 78 197 r
87 182 106 198 et
118 178 244 203 opportuniori
256 178 321 199 medo,
334 184 370 203 quo
388 178 482 198 iudicabo„-
496 178 511 196 si
524 181 587 196 contra
600 177 618 196 S.
629 178 685 196 Sedes
698 178 730 196 ad-

70 213 77 224 »
86 207 149 225 mittat
162 211 255 225 recursum
268 209 323 230 atque
335 211 408 224 causam
422 205 509 229 suscipiat
528 205 641 224 iudicandam
649 218 654 226 ,
668 210 729 224 meum

70 241 77 252 ι
85 237 114 253 est
126 234 207 253 officium
220 233 327 258 expectandi
341 234 380 252 eius
388 233 502 252 definitivum
511 233 604 255 iudicium,
614 236 632 252 et
641 233 729 257 dirigendi

70 270 76 279 ι
85 268 119 287 pro
133 262 172 281 eius
185 261 275 281 sententia
294 261 459 285 rationemflgendi
478 261 536 285 quoad
549 261 657 279 loannem...
666 260 729 283 Quoad

70 298 77 307 ι
86 290 219 309 revocationem
228 295 238 309 a
248 295 276 308 me
285 293 349 314 sponte
362 289 462 308 faciendam
474 288 613 313 dispositionum
625 288 729 308 Praedones·

70 325 76 335 ι
85 318 137 339 soris,
147 317 207 337 omnia
216 317 285 337 motiva
293 323 323 336 me
331 317 454 336 dissuadent.»

102 345 137 364 Sed
155 351 197 364 cum
216 345 286 365 nullum
300 345 430 364 transmisisset
447 345 528 364 Antistes
540 344 647 364 Processum
663 345 729 363 iterum

68 374 84 392 S.
94 373 150 393 Sedes
162 376 184 392 ut
196 373 248 392 illum
261 373 342 393 Antistes
355 373 487 391 transmitteret
499 373 595 397 quaesivit,
605 378 625 391 ae
634 372 689 391 simul
698 378 728 396 pa-

69 401 153 420 tefaceret
171 401 267 420 eonsilium
286 401 333 425 qued
352 401 390 425 ipse
406 405 507 424 proponere
520 400 581 419 loanni
597 401 695 425 cogitaret,
709 403 729 419 ut

68 429 84 447 S.
94 429 151 448 Sedes
159 429 252 453 negotium
265 429 316 448 finire
329 431 391 453 posset
403 429 442 447 eine
451 428 560 447 detrimento
568 428 649 447 iustitiae
662 431 681 448 et
693 428 729 447 Cu-

70 457 104 476 riae
114 456 190 475 decoris.

102 484 184 504 Antistes
197 484 288 509 reposuit,
301 484 404 509 opinionem
417 484 461 504 cleri
474 487 492 503 et
505 484 613 509 populorum
630 484 729 509 generatim

68 513 127 532 loanni
148 513 252 532 adversari:
271 519 321 532 suani
341 518 381 532 esee
401 513 514 537 opinionem,
530 519 566 532 non
583 519 636 538 posse
645 512 730 532 loannem

70 541 86 560 in
98 541 201 565 paroeciam
215 541 286 560 restitui
299 541 338 560 sine
351 541 400 565 gravi
414 541 558 560 inconvenientia
566 554 571 563 ‚
586 541 661 565 eiusque
679 547 731 565 prae-

68 569 144 588 sentiam
159 569 177 587 in
192 575 213 587 ea
228 569 310 593 paroecia
327 571 433 587 eventuram
448 574 487 587 esse
500 568 630 593 deplorabilem
646 572 665 588 et
679 568 730 587 sune-

68 600 124 616 stam:
138 602 193 621 super
206 600 270 616 natura
282 597 418 616 accusationum
436 599 454 615 et
469 596 534 615 merito
547 602 642 621 processus
658 602 677 615 se
694 602 730 615 non

67 625 155 646 iudicare,
164 630 207 643 cum
219 630 273 644 eausa
285 625 391 644 transmissa
403 628 452 643 esset
465 625 487 643 ad
498 624 517 643 S,
527 624 600 643 Sedem:
614 624 673 649 quoad
686 630 730 643 con-

67 652 126 672 silium
139 658 204 674 sunm,
217 658 237 671 se
253 652 297 671 nihil
314 652 373 672 dicere
386 658 409 671 ue
424 652 578 676 praeiudicaretur
590 652 608 671 S.
618 652 670 671 Sedis
683 652 730 671 indi-

67 680 122 703 cium,
131 686 187 704 seque
200 683 296 704 expectare
309 680 396 699 iudicium
409 679 460 701 illud,
473 683 493 698 ut
503 680 522 698 in
530 686 563 698 sun
573 680 659 705 positicme
670 686 688 699 re
696 680 730 699 col-

68 707 139 726 locaret.

103 735 149 755 Cum
162 735 224 760 itaque
236 735 255 754 S.
266 734 414 760 Congregationis
427 736 511 755 mandata
524 742 557 755 suo
569 736 656 755 frustrata
669 739 730 755 essent

66 763 147 785 effeetu3
164 763 232 782 sstnus
251 763 304 782 Pater
322 769 407 788 expresse
426 763 479 782 iussit
492 770 501 782 a
514 763 568 782 Curia
587 764 686 782 transmitti
706 764 729 782 ad

66 790 85 808 S.
100 790 261 814 Congregationem
273 793 313 809 acta
327 791 454 815 processualia.
469 791 550 810 Antistes
562 791 583 810 ad
596 791 673 810 ssffium
692 791 729 810 Pa-

67 822 115 837 trem
126 818 197 837 litteras
205 818 262 840 misit,
275 819 342 843 quibus
354 819 414 843 petiit,
427 823 448 837 nt
461 819 550 838 Parochus
567 819 589 838 ab
608 819 730 843 appellatione

66 846 88 864 ad
98 846 198 865 Consilium
206 846 269 865 Status
276 847 372 865 desisteret
380 852 421 865 cum
431 847 475 866 haee
487 847 584 872 appellatio
597 847 631 865 iuri
644 848 730 866 canonico

64 874 154 893 contraria
164 877 219 895 esset,
227 874 250 893 ob
256 880 310 898 quam
317 874 336 892 in
343 880 428 893 censuras
437 875 549 896 incurrissem
558 878 577 893 et
586 877 678 899 tamquam
688 874 730 893 snb-

64 901 135 924 ditum,
149 902 184 921 sibi
197 901 302 926 Superiori,
316 908 352 920 non
371 908 390 921 se
409 902 523 927 Superiorem
540 902 566 921 illi
583 902 656 921 subdito
671 902 730 922 facere

64 930 198 954 propositiones
210 930 281 949 debere:
297 933 408 954 protestatus
421 934 482 949 autem
495 934 523 949 est
535 930 583 949 idem
603 930 684 949 Antistes
692 944 696 952 ,
710 937 730 950 se

64 958 177 982 pennanere'
186 958 204 976 in
217 958 275 982 rigore
288 958 354 977 iurium
365 964 439 977 suorum
451 965 507 983 seque
519 959 615 977 defendere
626 958 692 978 debere
700 959 729 977 ho<

64 991 128 1004 norem
136 986 217 1005 defuncti
230 986 329 1008 Antistium
338 986 414 1010 ideoque
427 992 447 1005 se
461 990 557 1011 expectare
571 986 666 1005 dumtaxat
678 992 729 1005 man-

61 1013 109 1031 data
115 1014 194 1038 praecisa
203 1017 220 1032 et
227 1013 317 1038 formalia,
326 1014 392 1038 quibus
405 1017 498 1038 tamquam
511 1014 559 1033 filius
571 1014 659 1033 obediret.

105 1041 219 1066 Rescriptum
235 1042 297 1066 itaque
312 1041 347 1060 fnit
364 1042 446 1060 Antistiti
464 1042 493 1065 (in
509 1042 580 1061 irritum
598 1048 648 1061 cessa
666 1042 729 1066 quavis

60 1069 155 1088 amicabili
169 1069 236 1094 negotii
249 1069 404 1094 pertractatione),
418 1070 542 1094 quaestionem
555 1070 577 1089 ad
590 1070 672 1089 tramites
685 1071 729 1089 iuris

59 1102 108 1115 esse
119 1097 267 1122 cognoscendam
276 1097 352 1121 ideoque
365 1098 404 1116 sine
417 1103 467 1116 mora
479 1101 520 1117 acta
533 1104 627 1122 processus
636 1098 729 1117 transmit-

60 1127 121 1146 tet-et,
134 1128 152 1143 et
164 1124 183 1143 S.
197 1124 359 1149 Congregationem
372 1126 461 1144 rationem
474 1131 513 1145 esse
528 1125 630 1144 habituram
645 1132 728 1144 recursus

121 1160 158 1173 Atia
172 1160 205 1174 lom.
213 1161 240 1177 IV,
246 1159 286 1177 fasc.
294 1160 363 1174 XXXIX.
659 1162 675 1175 w
