858 1233
189 72 238 85 suen
248 72 339 86 mittun.
347 72 409 85 contu
419 72 471 85 nise.
481 72 606 85 DlSPOSsslmOES.
708 65 730 83 87

65 107 107 120 rum
120 104 162 126 post
174 107 241 120 annum
256 102 310 122 1858,
322 107 384 120 eorum
397 106 512 122 oeconomos,
526 103 586 119 actum
600 99 683 124 quemvis
695 99 733 123 epi-

61 129 164 153 scopatam,
176 129 207 153 qui
220 129 335 147 confirmaret
347 128 488 147 nominationem
501 128 523 147 ad
537 127 609 152 aliquod
621 127 707 146 officium.

103 156 155 179 Quod
167 156 183 175 si
196 156 240 175 haec
253 156 268 174 si
277 156 337 175 omnia
347 156 473 180 producerent,
483 155 573 174 adversari
586 155 655 174 eisdem
667 154 732 176 adhuc,

65 184 188 203 contendebat
200 183 262 206 Curia,
276 190 343 202 morem
358 184 441 208 regionis,
451 184 482 208 qui
491 186 519 202 est
532 186 552 202 ut
565 183 672 202 Missionarii
684 182 733 201 dioe-

65 212 127 231 cesani
138 215 223 230 maneant
235 211 270 230 sub
283 211 367 236 Episcopi
376 211 501 235 dispositione,
511 211 601 230 adversari
615 210 683 230 eisdem
696 216 735 229 mo-

66 246 104 259 rem
117 240 216 261 dioecesis,
230 243 249 258 et
261 239 398 258 antecedentem
413 239 495 263 praxim,
508 245 529 258 ac
542 239 620 263 denique
633 238 735 263 impossibi>

66 268 137 286 litatem
150 267 240 286 existendi
253 271 338 292 tanquam
351 268 508 292 congregationem
521 267 623 292 religiosam
640 267 679 286 sine
696 272 735 285 mo-

66 296 154 317 nasterio,
168 295 207 314 sino
220 295 313 320 Cappella‚
327 295 366 314 sine
379 295 482 320 Superiore.

104 323 166 342 Rebus
178 323 204 342 sic
217 323 319 344 stantibus,
333 323 444 348 Episcopum
457 323 537 341 animum
550 323 649 342 intendisse
662 323 684 341 ad
699 322 737 341 duo

66 350 175 375 peragenda,
189 356 254 375 nempe
267 350 289 369 ad
302 350 450 375 supprimendum
464 350 569 369 scandalum
582 350 691 369 adorationis
703 356 736 369 no·

66 382 154 400 cturnae,
168 384 189 397 ac
202 378 277 403 proinde
292 380 309 397 1⁰
321 378 418 400 statuisse,
433 382 453 397 ut
466 382 550 397 manente
564 378 634 403 integro
646 378 675 397 die
689 378 737 397 Ado-

66 407 149 428 ratione,
163 407 212 426 solae
231 406 316 425 mulieres
334 407 472 425 communitatis
488 406 585 425 adorarent
604 409 659 425 noctu
678 406 736 425 ianuis

66 434 140 453 clausis:
151 435 170 452 2⁰
180 434 251 453 dedisse
263 440 335 459 gravem
348 434 516 458 aestimabilemque
529 433 588 452 virum
600 434 736 452 Confessarium

67 461 92 480 illi
107 468 172 486 magno
188 462 285 481 mulierum
298 468 373 481 numero
386 468 432 486 quae
442 461 510 480 habent
523 461 596 480 domum
609 461 627 480 in
641 462 686 480 urbe
698 462 736 486 epi-

66 489 135 514 scopali
152 490 247 514 eidemque
264 490 358 514 reliquisse
378 493 463 514 tanquam
483 489 614 514 Cappellanum
633 489 736 508 adiunctum

66 518 197 542 Presbyterum
210 517 232 540 C,
245 521 264 537 et
278 518 406 542 Presbyterum
420 517 435 536 B
447 521 534 542 tanquam
546 517 677 542 Cappellanum
693 523 735 537 con-

67 545 150 564 stituisse
159 546 177 564 in
185 545 242 564 altera
253 545 349 564 mulierum
358 545 418 568 domo,
428 545 446 564 in
456 551 491 570 qua
500 545 562 564 aderat
574 545 677 570 saepedicta
689 545 736 570 Cap-

67 573 115 597 pella
129 573 159 592 uhi
172 572 259 592 exercitia
272 573 346 598 pietatis
359 573 498 598 peragebantur.

105 601 200 620 Eiusmodi
208 602 341 620 nominationes
350 601 408 621 dictos
418 601 535 626 Presbyteros
544 604 649 620 recusantes
661 608 683 621 so
696 602 735 626 ipso

67 629 150 648 amisisse
159 629 255 648 facultates
267 629 381 654 praedicandi
394 633 413 648 et
425 629 557 649 wnsesssiones
565 630 675 654 excipiendi,
685 630 735 649 iuxta

67 656 171 676 dioeceseos
180 658 258 681 praxim:
267 657 301 676 hos
309 657 427 682 Presbyter-os
437 661 476 682 post
484 658 529 677 haec
537 657 645 682 petitionem
657 658 736 677 conscri-

68 685 192 710 psisse‚atque
196 685 338 710 subscriptiones
343 689 426 710 petentes
433 689 489 704 lotam
494 686 587 705 civitatem
593 686 693 705 concitasse
699 690 734 705 etc.

105 712 137 731 ltin
146 713 207 737 itaque
215 713 292 737 aliisque
305 713 374 732 notitiis
382 713 449 732 habitis
458 714 575 733 concinnatae
583 714 657 733 fuerunt
670 720 680 733 u
694 714 736 733 Pro-

67 740 183 759 curator-ibus
197 741 290 765 utriusque
304 742 360 765 partis
372 741 467 760 dubitandi
485 741 584 763 formulae,
598 748 643 766 quas
656 742 673 760 in
686 742 735 761 calcc

69 773 161 792 ponimus.

277 814 403 832 nimpe-n·
415 815 528 832 tyn-pua.

106 852 161 871 Multa
179 853 253 872 ruerunt
265 853 351 878 utrinque
367 860 399 878 per
412 854 520 873 Defensores
536 854 613 878 scripta,
628 854 735 878 pracsertim

67 881 115 900 eirca
128 881 253 900 accusationes
265 887 288 900 ex
301 887 336 900 una
349 885 400 906 parte
409 886 428 901 et
437 882 550 906 negationem
563 882 698 901 accusationum
711 889 734 901 ex

67 909 134 928 altera:
149 909 195 929 haec
207 909 267 928 omnia
281 913 341 929 tamen
354 910 478 935 relinquentes
490 910 611 929 substantiam
624 911 735 935 quaestionis

67 937 122 956 unice
134 943 239 962 sequemur.

105 965 187 984 Drusum
200 972 249 984 τιιυι
261 972 406 985 rnssnrsnonuu.
416 966 513 990 Praecipua
522 966 605 990 quaestio
614 966 632 985 in
645 973 667 985 eo
679 972 734 991 poue-

67 993 121 1011 hatur
133 999 144 1012 a
157 993 295 1015 ueremni-ibus,
310 996 371 1012 utrum
384 994 499 1018 congregatio
511 994 660 1019 Presbyteromm
673 998 734 1018 posset

66 1021 92 1039 ab
105 1021 194 1045 Episcopo
206 1021 225 1040 in
238 1027 281 1040 casu
294 1022 385 1046 praesenti
396 1022 473 1040 destrui.
487 1021 527 1041 Non
539 1025 567 1041 est
580 1025 641 1041 tamen
654 1025 735 1047 praeter-

66 1048 147 1067 eundum
156 1049 287 1071 accusationes,
296 1055 342 1073 quae
350 1052 414 1068 contra
422 1049 540 1074 Presbyter-os
552 1049 688 1072 dictitabantur,
702 1054 734 1068 aut

65 1082 131 1100 graves
143 1082 179 1095 non
192 1076 255 1098 fuisse,
268 1080 300 1095 aut
314 1077 411 1096 destitutas
424 1083 463 1096 esse
476 1077 519 1096 reali
532 1077 655 1096 fundamento.

107 1103 192 1123 Defensor
200 1104 356 1129 Presbyter-orum,
366 1104 413 1123 sacta
426 1104 549 1126 distinctione,
559 1105 606 1123 inter
618 1104 694 1123 Ordines
706 1110 734 1124 re-

65 1130 138 1155 gulares
151 1132 236 1151 votorum
248 1131 364 1154 solemnium,
376 1135 395 1151 et
407 1133 556 1157 congregationes
568 1135 652 1151 votorum
664 1132 733 1157 simpli-
