858 1233
385 0 434 14 :gg-{gn

278 81 358 93 ιιττεπιΛε
372 80 486 93 ηοεωιιεᾼε.
646 94 648 98 X

60 107 121 132 assequi
136 108 192 126 vitam
201 122 205 129 ‚
220 111 276 132 utque
293 109 356 127 eudem
377 108 469 129 Ecclesia,
483 113 529 131 quae
546 107 643 131 mysticum

60 135 146 153 constituit
158 142 224 160 corpus
237 136 254 154 in
267 142 299 154 sua
313 136 385 160 propria
400 139 464 154 natura
478 141 549 159 semper
563 134 634 153 stabilis
647 143 649 152 A

60 166 100 181 mota
113 169 170 187 usque
183 163 204 181 ad
218 163 392 182 consummationem
405 163 471 182 saeculi
481 165 601 187 permaneret,
612 162 649 186 vige

59 190 135 209 omnibus
148 190 189 209 filiis
202 191 240 209 suis
253 191 312 210 omnia
330 191 393 209 salutis
411 190 499 215 praesidia
516 190 646 215 suppeditaret.

60 225 94 237 vero
107 219 137 243 qui
151 223 234 238 accurate
247 219 356 241 consideret,
364 225 385 238 ac
397 219 496 238 meditetur
509 218 637 240 conditionem,

60 250 147 265 versantur
162 247 229 268 variae.
243 251 262 266 et
276 247 323 266 inter
336 253 355 266 se
367 247 490 271 discrepantes
509 246 603 270 religiosae
621 252 649 265 soc

59 275 144 293 seiunctae
157 280 166 293 a
175 274 263 293 catholica
277 275 369 296 Ecclesia,
383 280 446 299 quaec
459 274 531 292 Christo
542 273 625 295 Domino,
642 280 649 292 ε

59 302 145 326 Apostolis
159 302 198 321 sine
210 302 343 321 intermissione
357 309 389 327 per
400 302 491 326 legitimos
506 308 566 320 sacros
578 308 620 321 suos
633 301 649 320 Ρ,

58 336 123 354 semper
136 330 224 351 exercuit,
233 330 277 349 etin
292 330 392 354 praesentia
405 330 460 349 etiam
474 333 546 348 exercet
555 329 649 353 divinamp

59 362 89 377 tem
103 359 136 377 sibi
150 359 172 377 ab
186 359 225 383 ipso
238 359 314 378 Domino
336 359 433 382 traditam,
447 359 475 377 vel
488 358 539 377 facile
557 358 590 377 sibi
610 364 649 383 pers

58 387 133 408 debebit,
143 393 201 411 neque
208 387 286 411 aliquam
294 388 410 412 peculiarem,
417 393 474 411 neque
482 393 544 405 omnes
552 387 606 405 simul
613 392 647 405 con

59 420 76 433 ex
90 414 157 433 eisdem
177 415 294 433 societatibus
316 415 352 433 ullo
373 415 426 433 modo
444 415 568 435 constituere⁷
583 418 602 433 et
616 420 649 433 ess:

58 448 107 461 unam
120 446 139 462 et
152 443 258 461 catholicam
272 443 378 465 Ecclesiam,
392 449 446 468 quam
459 442 542 461 Christus
555 442 643 461 Dominus

60 471 110 492 cavit,
123 471 224 492 constituit,
238 474 257 490 et
270 477 308 490 esse
321 471 385 492 voluit,
399 477 457 495 neque
476 470 590 492 membrum,
604 473 635 488 aut

58 498 132 517 eiusdem
146 498 237 517 Ecclesiae
250 499 287 517 ullo
300 499 353 517 modo
366 499 401 517 dici
415 505 468 523 posse
476 511 481 520 ,
495 498 640 523 quandoquidem

57 526 139 545 catholica
149 527 219 545 unitate
229 527 324 545 visibiliter
333 527 407 546 divisae.
415 527 461 545 Cum
471 527 519 546 enim
528 527 616 549 eiusmodi
623 533 649 545 so(

58 558 125 573 careant
138 554 179 573 viva
192 554 229 576 illa,
239 558 257 573 et
266 561 276 573 a
290 555 327 573 Deo
339 555 438 576 constituta
453 555 567 576 auctoritate,
578 560 624 579 quae
637 555 649 573 h

57 587 83 600 res
92 582 138 603 fidei,
150 588 257 606 morumque
265 582 379 607 disciplinam
391 582 497 607 praesertim
506 582 564 603 docet,
574 587 641 606 eosque

58 615 76 627 ac
85 610 187 629 moderatur
198 610 215 628 in
223 610 245 628 iis
254 610 343 632 omnibus,
353 616 399 635 quae
408 610 430 629 ad
440 613 532 629 aeternam
541 609 618 628 salutem
628 616 649 634 pc

58 641 93 656 tum
106 638 202 657 societates
218 638 267 662 ipsae
282 639 300 656 in
320 639 358 657 suis
372 639 459 657 doctrinis
472 638 586 657 continenter
595 638 649 656 varim

56 665 97 684 haec
112 666 208 688 mobilitas,
223 673 244 685 ac
254 667 362 685 instabilitas
371 667 418 691 apud
430 667 502 685 easdem
516 666 613 685 societates
627 672 649 684 nu

56 697 118 712 cessat,
132 694 212 719 Quisque
226 695 254 714 vel
268 695 320 714 facile
338 695 433 719 intelligit,
447 698 466 713 et
479 695 526 713 clare
539 698 638 719 aperteque

56 721 72 738 id
86 721 112 740 vel
125 722 204 741 maxime
217 723 306 741 adversari
321 723 412 741 Ecclesiae
425 728 435 741 a
448 722 521 743 Christo
534 722 611 741 Domino
625 722 649 741 ini

59 748 75 766 in
89 755 122 773 qua
136 750 202 769 veritus
216 756 288 774 semper
307 750 390 772 stabilis,
405 750 485 774 nullique
498 756 577 774 unquam
597 751 649 769 immu.

57 776 131 795 obnoxia
146 780 242 802 persistere
255 778 315 800 debet,
331 778 386 797 veluti
400 778 501 802 depositum
515 778 573 797 eidem
583 778 649 796 Ecclesi

56 803 113 822 ditum
132 805 248 829 integerrime
267 806 417 828 custodiendum,
432 812 464 830 pro
477 806 529 824 cuius
541 806 622 824 custodia
642 805 649 824 fi

57 831 117 851 Sancti
134 834 236 857 praesentia
246 848 249 855 ,
268 834 391 859 auxiliumque
411 834 444 858 ipsi
465 834 555 853 Ecclesiae
576 833 611 852 fuit
632 840 649 858 pr

54 861 169 883 promissum.
184 861 240 880 Nemo
253 866 313 880 nutem
328 863 405 886 ignorat,
415 868 437 880 cx
451 862 499 881 hiscc
513 862 644 883 doctrinarum,

54 887 128 907 nionum
141 889 221 907 dissidiis
233 890 304 908 socialia
317 896 388 914 quoque
402 890 445 909 oriri
458 890 566 910 schismata,
580 892 634 913 atque

53 916 141 940 originem
161 917 227 936 habere
248 918 388 937 innumerabiles
407 918 544 937 communiones
557 921 574 936 et
589 921 649 936 sectas

53 949 99 962 curn
110 951 180 964 summo
193 945 301 965 christianae
309 960 314 967 ,
328 946 422 970 civilisque
436 945 544 970 reipublicae
553 945 618 964 damno
632 952 649 964 m

52 971 94 990 dies
107 976 232 997 propagantur.

96 1000 207 1019 ›Enimvero
220 1001 329 1025 quicumque
344 1001 448 1025 religionem
462 1001 517 1020 veluti
526 1001 615 1020 humanae
628 1007 648 1020 so

53 1026 191 1046 tundamentum
211 1029 310 1052 cognoscit,
324 1035 359 1047 non
375 1029 442 1053 poterit
456 1035 491 1047 non
506 1035 615 1053 agnoscere,
634 1033 649 1048 et

50 1058 140 1078 quantam
153 1056 171 1073 in
181 1056 251 1075 civilem
265 1057 370 1075 societatem
380 1057 415 1075 vim
424 1056 512 1075 eiusmodi
521 1057 649 1081 principiorum

52 1082 158 1107 tigiosarum
179 1085 287 1104 societatum
309 1086 356 1104 inter
368 1092 387 1105 se
409 1086 527 1110 pugnantium
544 1086 609 1105 divisio
619 1099 624 1107 ‚
647 1093 649 1104 =

50 1114 155 1137 sci-epantia
175 1115 284 1136 exercuerit,
298 1119 316 1134 et
337 1121 391 1139 quam
408 1115 524 1134 vehementer
537 1115 609 1139 negatio
622 1121 649 1134 aut

51 1140 77 1158 tis
93 1146 106 1159 a
117 1141 151 1160 Dco
163 1143 273 1162 constitutae
282 1143 304 1162 ad
312 1143 385 1162 humani
400 1143 502 1162 intellectus
515 1143 640 1168 persuasiones
