858 1233
347 77 435 91 nnsteuus.
699 72 722 89 77

59 111 112 129 quam
125 105 210 124 Canonici
224 105 289 124 Decani
302 105 358 129 gavisi
372 108 424 124 erant
436 105 529 130 pensione,
543 105 658 124 Primicerius
671 105 724 124 initio

59 133 153 151 ostendere
165 132 240 151 curabat
253 133 305 151 huius
318 133 452 152 consuetudinis
465 136 543 152 assertae
556 133 686 154 deficientiam,
700 139 723 152 ex

60 166 80 179 ea
94 161 200 185 praesertim
213 160 293 181 ratione,
307 160 355 185 quod
368 164 419 179 nctus
433 160 539 181 facultativi,
553 160 619 184 quibus
632 160 659 178 usi
672 163 724 179 erant

60 188 141 206 nonnulli
152 187 235 212 Episcopi
245 187 266 206 ad
280 187 385 212 pensionem
394 188 519 212 assignandam
528 188 588 207 favore
600 187 674 210 Decani,
688 193 724 206 non

60 219 134 240 possent
147 215 257 234 constituere
269 215 426 234 consuetudinem.

98 243 122 261 At
134 243 211 261 admissa
223 243 277 261 etiam
291 243 421 261 consuetudine
430 248 465 267 qua
474 243 537 267 pensio
549 246 654 262 oonstanter
666 243 725 262 soluta

61 274 109 290 esset
122 270 193 289 Decanu
201 284 206 292 ,
219 274 268 289 recte
281 270 437 289 animadvertebat
449 270 496 289 idem
509 270 636 293 primicerius,
650 270 726 295 proban-

60 300 104 318 dum
117 305 216 320 remanere,
227 301 253 319 ut,
268 302 358 317 reservata
367 299 453 322 pensione
462 299 523 317 favore
536 298 609 320 Decani,
623 299 685 318 eadem
698 304 726 318 re-

60 331 131 346 servata
149 327 204 345 etiam
221 330 326 345 censeretur
342 326 403 345 favore
416 327 524 345 successoris
537 327 555 345 in
571 327 693 345 Decanatum:
708 326 727 345 id

61 359 123 374 autem
132 360 168 373 non
177 354 236 373 solum
245 360 267 373 ex
276 354 352 373 adver-so
361 360 396 372 non
403 354 530 376 demonstrari,
540 354 571 373 sed
580 354 645 373 falsum
653 354 727 373 omnino

61 382 183 407 deprehendi,
197 388 238 400 eum
254 381 342 401 eiusmodi
359 382 434 400 assertio
447 383 540 401 resisteret
553 382 587 400 iuri
601 385 619 401 et
636 382 693 401 facto:
708 382 727 400 in

61 411 101 429 iure
113 410 163 428 enim
177 410 239 428 tritum
253 415 292 428 esse
300 409 389 433 adagium:
401 410 507 433 pensionem
519 410 600 434 extingui
613 414 671 428 morte
684 415 727 434 pen-

61 438 134 457 sionati:
148 438 165 456 in
175 438 223 456 sacto
237 443 279 456 vero
288 437 326 456 erui
336 443 358 455 ex
368 437 411 461 ipsis
419 437 476 456 Bullis
485 438 590 462 pensionem
603 444 612 456 a
626 444 645 456 se
658 437 727 456 solven-

61 466 103 484 dam
116 471 163 487 esse‚
177 465 233 484 donec
247 465 328 483 Decnnus
341 464 355 482 B
369 465 405 483 vita
418 464 514 484 frueretur.

99 494 181 512 Defensio
194 493 264 511 neem.
273 492 368 511 —Orator
381 493 422 511 novi
436 493 501 511 Dccani
515 493 638 517 maximopere
654 495 728 511 conten-

61 522 116 541 debat
125 521 220 539 ostendere
229 521 348 539 invetemtam
357 521 506 540 consuetudinem
515 527 537 539 ex
551 521 625 539 adverso
638 524 727 544 negatam,

62 556 83 568 ex
97 555 119 568 ea
134 548 238 573 praesertim
252 548 327 570 ratione,
340 548 388 572 quod
402 548 487 573 Episcopi
500 554 535 567 non
553 548 622 572 possint
639 548 728 567 ordinario

63 578 102 595 iure
115 576 211 601 pensiones
224 576 241 594 in
255 576 367 595 conserendis
380 576 475 595 Beneficiis
485 576 584 600 imponere,
598 582 639 595 cum
652 576 729 594 obsistat

62 604 170 623 universalis
179 604 263 623 canonica
274 604 308 622 lex:
318 607 337 622 ut
344 603 433 628 Beneficia
439 604 476 622 sine
485 603 601 622 diminutione
609 603 729 628 conserantur,

63 633 84 651 de
98 638 135 656 qua
149 638 167 650 re
180 631 282 650 Mandosius
295 631 321 649 De
332 630 401 655 δίψιοι.
413 630 463 649 Grai.
473 631 491 655 S.
500 637 540 655 pen.
551 637 568 649 n.
583 631 593 649 7
607 635 623 649 et
635 631 654 655 S.
668 631 728 649 exiiet.

63 667 81 678 n.
92 661 110 678 3.
120 660 180 682 Qunre
193 659 207 677 si
221 659 306 683 Episcopi
315 659 402 677 dioecesis
415 659 430 677 N
444 659 460 676 id
473 665 526 683 agere
539 662 644 683 potuerunt,
659 658 729 677 nonnisi

64 689 162 712 longaevae
174 687 300 706 consuetudini
314 693 353 706 esse
367 687 482 706 tribuendum
495 687 588 711 arguebat,
598 692 650 711 quae,
661 693 681 705 ut
694 687 730 705 dici

65 716 117 737 solet,
132 715 225 734 meliorem
238 715 312 733 titulum
326 715 348 733 de
357 714 423 733 mundo
432 714 513 739 praebet.
523 715 583 738 Atque
596 715 621 733 ita
634 715 675 733 huic
687 720 730 733 con-

66 744 156 762 suetudini
171 742 274 767 probandae
289 742 384 761 insistebat
400 748 422 761 ex
439 743 496 761 tribus
517 743 562 761 actis
582 743 689 761 successivis
707 742 730 761 ab

67 777 112 790 anno
129 772 173 789 ¹791
191 771 212 789 ad
228 776 295 789 annum
310 771 363 792 1830,
377 770 443 794 quibus
456 770 517 789 favore
536 770 649 789 Decanurum
668 771 731 795 pensio

68 799 130 817 collata
144 798 209 817 fuerat.

103 827 164 851 Neque
177 826 249 845 obstare
262 826 383 845 contendebat
398 832 444 845 novo
458 826 529 845 Dneano
541 826 657 845 collationem
670 826 731 850 Digni-

69 855 110 872 tatis
118 854 213 872 Francisco
223 854 287 873 factam
296 855 438 878 antequam,ipse
445 854 537 873 Decanatu
546 854 642 873 frueretur:
653 860 731 878 namque

70 886 138 906 praeter
146 885 224 903 caetera.
234 882 339 900 Franciscus
348 882 365 900 in
376 882 472 906 Dignitatis
482 882 612 907 possessionem
626 888 660 900 non
673 882 731 900 fuerat

72 910 166 931 immissum
180 910 262 933 quamvis
273 910 388 933 caeteroquin
402 910 419 928 id
428 909 491 934 culpae
500 910 545 928 verti
555 915 590 928 non
603 910 660 934 possit
673 910 731 928 eidem

72 937 170 958 Francisco,
180 937 210 960 qui
224 937 263 955 ideo
277 937 407 961 possessionem
421 943 456 955 non
470 937 531 955 statim
545 937 600 961 cepit,
614 937 655 961 quia
671 935 732 955 Bullno

72 965 134 982 muniri
148 964 235 983 deberent
250 964 303 989 Reqio
315 969 417 989 exequatur.

106 993 158 1011 Hisce
171 993 245 1016 nliisqm=
258 992 355 1016 disputatis
368 993 480 1017 propositum
494 996 521 1011 est
534 992 659 1012 resolvendum

357 1038 447 1052 nubium

109 1082 117 1091 ι
127 1075 153 1093 An
166 1075 191 1093 sit
202 1074 252 1093 locus
265 1075 349 1094 solutioni
363 1076 453 1099 pensionis
467 1076 484 1094 in
498 1082 558 1094 casum

108 1102 209 1120 Ριιιεοιυτιο.
219 1113 242 1116 -—
251 1102 269 1121 S.
279 1103 398 1127 Congregatio
411 1103 485 1122 Concilii
499 1110 518 1122 re
531 1104 601 1128 cognita
614 1104 643 1122 die
658 1105 676 1122 Η
692 1104 732 1122 Iulii

77 1130 119 1148 ¹8⁶8
130 1129 238 1155 ‘respondet-e
250 1131 329 1150 censuit:
344 1132 428 1156 neqative.
