<?xml version="1.0" encoding="UTF-8"?>
<!DOCTYPE html PUBLIC "-//W3C//DTD XHTML 1.0 Transitional//EN"
    "http://www.w3.org/TR/xhtml1/DTD/xhtml1-transitional.dtd">
<html xmlns="http://www.w3.org/1999/xhtml" xml:lang="en" lang="en">
 <head>
  <title>
</title>
<meta http-equiv="Content-Type" content="text/html;charset=utf-8" />
  <meta name='ocr-system' content='tesseract 3.04.00' />
  <meta name='ocr-capabilities' content='ocr_page ocr_carea ocr_par ocr_line ocrx_word'/>
</head>
<body>
  <div class='ocr_page' id='page_1' title='image "actaexiisdecerp01unkngoog_0090.png"; bbox 0 0 858 1233; ppageno 0'>
   <div class='ocr_carea' id='block_1_1' title="bbox 189 60 732 79">
    <p class='ocr_par' dir='ltr' id='par_1_1' title="bbox 189 60 732 79">
     <span class='ocr_line' id='line_1_1' title="bbox 189 60 732 79; baseline 0 -1"><span class='ocrx_word' id='word_1_1' title='bbox 189 66 238 79; x_wconf 68' lang='lat' dir='ltr'>SUPER</span> <span class='ocrx_word' id='word_1_2' title='bbox 248 66 339 79; x_wconf 68' lang='lat' dir='ltr'>auctum.</span> <span class='ocrx_word' id='word_1_3' title='bbox 346 66 409 78; x_wconf 61' lang='lat' dir='ltr'>count</span> <span class='ocrx_word' id='word_1_4' title='bbox 419 66 469 78; x_wconf 75' lang='lat' dir='ltr'>srlsc.</span> <span class='ocrx_word' id='word_1_5' title='bbox 481 65 606 78; x_wconf 69' lang='lat' dir='ltr'>msroswtonss.</span> <span class='ocrx_word' id='word_1_6' title='bbox 708 60 732 78; x_wconf 74' lang='grc'>83</span> 
     </span>
    </p>
   </div>
   <div class='ocr_carea' id='block_1_2' title="bbox 8 92 741 1117">
    <p class='ocr_par' dir='ltr' id='par_1_2' title="bbox 67 92 735 286">
     <span class='ocr_line' id='line_1_2' title="bbox 67 92 733 118; baseline -0.003 -5"><span class='ocrx_word' id='word_1_7' title='bbox 67 100 99 113; x_wconf 86' lang='lat' dir='ltr'>nes</span> <span class='ocrx_word' id='word_1_8' title='bbox 111 94 246 113; x_wconf 73' lang='lat' dir='ltr'><strong>retraherentur</strong></span> <span class='ocrx_word' id='word_1_9' title='bbox 259 100 269 112; x_wconf 77' lang='lat' dir='ltr'>a</span> <span class='ocrx_word' id='word_1_10' title='bbox 282 93 408 117; x_wconf 79' lang='lat' dir='ltr'>congressibus</span> <span class='ocrx_word' id='word_1_11' title='bbox 422 93 499 118; x_wconf 85' lang='lat' dir='ltr'>publicis</span> <span class='ocrx_word' id='word_1_12' title='bbox 512 96 530 111; x_wconf 85' lang='lat' dir='ltr'>et</span> <span class='ocrx_word' id='word_1_13' title='bbox 544 93 619 117; x_wconf 81' lang='lat' dir='ltr'>periculi</span> <span class='ocrx_word' id='word_1_14' title='bbox 633 92 699 117; x_wconf 83' lang='lat' dir='ltr'>plenis;</span> <span class='ocrx_word' id='word_1_15' title='bbox 712 98 733 111; x_wconf 76' lang='lat' dir='ltr'>ac</span> 
     </span>
     <span class='ocr_line' id='line_1_3' title="bbox 67 121 734 146; baseline -0.003 -6"><span class='ocrx_word' id='word_1_16' title='bbox 67 122 141 146; x_wconf 85' lang='lat' dir='ltr'>proinde</span> <span class='ocrx_word' id='word_1_17' title='bbox 150 123 249 140; x_wconf 84' lang='lat' dir='ltr'>constituta</span> <span class='ocrx_word' id='word_1_18' title='bbox 259 125 298 140; x_wconf 85' lang='lat' dir='ltr'>erat</span> <span class='ocrx_word' id='word_1_19' title='bbox 307 122 395 146; x_wconf 76' lang='lat' dir='ltr'>quaedam</span> <span class='ocrx_word' id='word_1_20' title='bbox 404 127 445 146; x_wconf 81' lang='lat' dir='ltr'>pars</span> <span class='ocrx_word' id='word_1_21' title='bbox 454 121 526 142; x_wconf 83' lang='lat' dir='ltr'>domus,</span> <span class='ocrx_word' id='word_1_22' title='bbox 537 121 555 139; x_wconf 88' lang='lat' dir='ltr'>iu</span> <span class='ocrx_word' id='word_1_23' title='bbox 564 126 618 145; x_wconf 73' lang='lat' dir='ltr'>quam</span> <span class='ocrx_word' id='word_1_24' title='bbox 627 121 653 139; x_wconf 86' lang='lat' dir='ltr'>illi</span> <span class='ocrx_word' id='word_1_25' title='bbox 662 121 693 145; x_wconf 87' lang='lat' dir='ltr'>qui</span> <span class='ocrx_word' id='word_1_26' title='bbox 703 121 734 139; x_wconf 79' lang='lat' dir='ltr'>ad-</span> 
     </span>
     <span class='ocr_line' id='line_1_4' title="bbox 67 149 734 173; baseline -0.001 -5"><span class='ocrx_word' id='word_1_27' title='bbox 67 150 110 169; x_wconf 72' lang='lat' dir='ltr'>dicti</span> <span class='ocrx_word' id='word_1_28' title='bbox 119 154 172 168; x_wconf 87' lang='lat' dir='ltr'>erant</span> <span class='ocrx_word' id='word_1_29' title='bbox 180 150 327 168; x_wconf 83' lang='lat' dir='ltr'>Perseverantiae</span> <span class='ocrx_word' id='word_1_30' title='bbox 337 150 428 170; x_wconf 83' lang='lat' dir='ltr'>instituto,</span> <span class='ocrx_word' id='word_1_31' title='bbox 439 149 557 168; x_wconf 80' lang='lat' dir='ltr'>convenirent</span> <span class='ocrx_word' id='word_1_32' title='bbox 565 149 614 167; x_wconf 88' lang='lat' dir='ltr'>horis</span> <span class='ocrx_word' id='word_1_33' title='bbox 626 149 734 173; x_wconf 86' lang='lat' dir='ltr'>vespertinis</span> 
     </span>
     <span class='ocr_line' id='line_1_5' title="bbox 67 177 734 202; baseline -0.001 -6"><span class='ocrx_word' id='word_1_34' title='bbox 67 182 88 196; x_wconf 92' lang='lat' dir='ltr'>ut</span> <span class='ocrx_word' id='word_1_35' title='bbox 101 179 177 197; x_wconf 78' lang='lat' dir='ltr'>honeste</span> <span class='ocrx_word' id='word_1_36' title='bbox 189 181 340 197; x_wconf 83' lang='lat' dir='ltr'>conversarentur</span> <span class='ocrx_word' id='word_1_37' title='bbox 354 184 410 202; x_wconf 78' lang='lat' dir='ltr'>usque</span> <span class='ocrx_word' id='word_1_38' title='bbox 423 178 445 196; x_wconf 89' lang='lat' dir='ltr'>ad</span> <span class='ocrx_word' id='word_1_39' title='bbox 456 180 567 202; x_wconf 77' lang='lat' dir='ltr'>protractam</span> <span class='ocrx_word' id='word_1_40' title='bbox 580 180 659 196; x_wconf 82' lang='lat' dir='ltr'>noctem:</span> <span class='ocrx_word' id='word_1_41' title='bbox 673 177 734 201; x_wconf 78' lang='lat' dir='ltr'>ibique</span> 
     </span>
     <span class='ocr_line' id='line_1_6' title="bbox 67 205 735 230; baseline 0 -6"><span class='ocrx_word' id='word_1_42' title='bbox 67 212 103 225; x_wconf 88' lang='lat' dir='ltr'>non</span> <span class='ocrx_word' id='word_1_43' title='bbox 116 206 192 225; x_wconf 87' lang='lat' dir='ltr'>deerant</span> <span class='ocrx_word' id='word_1_44' title='bbox 205 206 249 227; x_wconf 88' lang='lat' dir='ltr'>ludi,</span> <span class='ocrx_word' id='word_1_45' title='bbox 259 206 345 224; x_wconf 73' lang='lat' dir='ltr'><strong>honestae</strong></span> <span class='ocrx_word' id='word_1_46' title='bbox 359 206 446 224; x_wconf 80' lang='lat' dir='ltr'>librorum</span> <span class='ocrx_word' id='word_1_47' title='bbox 459 206 554 227; x_wconf 82' lang='lat' dir='ltr'>lectiones,</span> <span class='ocrx_word' id='word_1_48' title='bbox 568 206 651 230; x_wconf 74' lang='lat' dir='ltr'><strong>potiones</strong></span> <span class='ocrx_word' id='word_1_49' title='bbox 660 209 695 224; x_wconf 76' lang='lat' dir='ltr'>ete.</span> <span class='ocrx_word' id='word_1_50' title='bbox 704 205 735 224; x_wconf 82' lang='lat' dir='ltr'>hio</span> 
     </span>
     <span class='ocr_line' id='line_1_7' title="bbox 68 233 735 258; baseline -0.001 -6"><span class='ocrx_word' id='word_1_51' title='bbox 68 240 175 257; x_wconf 75' lang='lat' dir='ltr'>congressus</span> <span class='ocrx_word' id='word_1_52' title='bbox 183 234 284 258; x_wconf 83' lang='lat' dir='ltr'>appellatus</span> <span class='ocrx_word' id='word_1_53' title='bbox 293 237 321 252; x_wconf 89' lang='lat' dir='ltr'>est</span> <span class='ocrx_word' id='word_1_54' title='bbox 330 233 409 252; x_wconf 83' lang='lat' dir='ltr'>circulus</span> <span class='ocrx_word' id='word_1_55' title='bbox 418 234 511 255; x_wconf 87' lang='lat' dir='ltr'>iuvenum,</span> <span class='ocrx_word' id='word_1_56' title='bbox 521 234 551 258; x_wconf 87' lang='lat' dir='ltr'>qui</span> <span class='ocrx_word' id='word_1_57' title='bbox 561 233 678 252; x_wconf 76' lang='lat' dir='ltr'>claudebatur</span> <span class='ocrx_word' id='word_1_58' title='bbox 690 239 735 251; x_wconf 88' lang='lat' dir='ltr'>non-</span> 
     </span>
     <span class='ocr_line' id='line_1_8' title="bbox 68 261 420 286; baseline 0 -7"><span class='ocrx_word' id='word_1_59' title='bbox 68 261 123 280; x_wconf 84' lang='lat' dir='ltr'><strong>nullis</strong></span> <span class='ocrx_word' id='word_1_60' title='bbox 136 261 220 286; x_wconf 75' lang='lat' dir='ltr'><strong>precibus</strong></span> <span class='ocrx_word' id='word_1_61' title='bbox 233 265 251 280; x_wconf 81' lang='lat' dir='ltr'>et</span> <span class='ocrx_word' id='word_1_62' title='bbox 264 261 338 285; x_wconf 85' lang='lat' dir='ltr'>pietatis</span> <span class='ocrx_word' id='word_1_63' title='bbox 350 261 420 280; x_wconf 78' lang='lat' dir='ltr'>officiis.</span> 
     </span>
    </p>

    <p class='ocr_par' dir='ltr' id='par_1_3' title="bbox 67 289 737 425">
     <span class='ocr_line' id='line_1_9' title="bbox 105 289 736 313; baseline -0.002 -5"><span class='ocrx_word' id='word_1_64' title='bbox 105 289 156 308; x_wconf 84' lang='lat' dir='ltr'>Inter</span> <span class='ocrx_word' id='word_1_65' title='bbox 164 290 207 308; x_wconf 80' lang='lat' dir='ltr'>haee</span> <span class='ocrx_word' id='word_1_66' title='bbox 217 290 244 313; x_wconf 83' lang='lat' dir='ltr'>pia</span> <span class='ocrx_word' id='word_1_67' title='bbox 254 290 338 307; x_wconf 81' lang='lat' dir='ltr'>instituta</span> <span class='ocrx_word' id='word_1_68' title='bbox 347 289 426 308; x_wconf 72' lang='lat' dir='ltr'>maxime</span> <span class='ocrx_word' id='word_1_69' title='bbox 435 289 496 308; x_wconf 82' lang='lat' dir='ltr'>floruit</span> <span class='ocrx_word' id='word_1_70' title='bbox 504 289 625 308; x_wconf 82' lang='lat' dir='ltr'>communitas</span> <span class='ocrx_word' id='word_1_71' title='bbox 638 289 736 308; x_wconf 78' lang='lat' dir='ltr'>mulierum</span> 
     </span>
     <span class='ocr_line' id='line_1_10' title="bbox 68 317 736 341; baseline 0 -6"><span class='ocrx_word' id='word_1_72' title='bbox 68 318 146 336; x_wconf 81' lang='lat' dir='ltr'>infirmis</span> <span class='ocrx_word' id='word_1_73' title='bbox 159 318 302 338; x_wconf 72' lang='lat' dir='ltr'>inservientium,</span> <span class='ocrx_word' id='word_1_74' title='bbox 316 318 342 336; x_wconf 90' lang='lat' dir='ltr'>ita</span> <span class='ocrx_word' id='word_1_75' title='bbox 355 321 382 339; x_wconf 73' lang='lat' dir='ltr'>ut,</span> <span class='ocrx_word' id='word_1_76' title='bbox 396 323 438 336; x_wconf 93' lang='lat' dir='ltr'>curn</span> <span class='ocrx_word' id='word_1_77' title='bbox 453 321 533 341; x_wconf 86' lang='lat' dir='ltr'>tempore</span> <span class='ocrx_word' id='word_1_78' title='bbox 548 317 612 336; x_wconf 78' lang='lat' dir='ltr'>mortis</span> <span class='ocrx_word' id='word_1_79' title='bbox 629 317 736 336; x_wconf 86' lang='lat' dir='ltr'>Fundatoris</span> 
     </span>
     <span class='ocr_line' id='line_1_11' title="bbox 67 345 736 369; baseline 0 -6"><span class='ocrx_word' id='word_1_80' title='bbox 67 345 160 369; x_wconf 71' lang='lat' dir='ltr'>octoginta</span> <span class='ocrx_word' id='word_1_81' title='bbox 173 351 243 364; x_wconf 79' lang='lat' dir='ltr'>sorores</span> <span class='ocrx_word' id='word_1_82' title='bbox 256 348 324 367; x_wconf 82' lang='lat' dir='ltr'>essent,</span> <span class='ocrx_word' id='word_1_83' title='bbox 338 345 391 364; x_wconf 89' lang='lat' dir='ltr'>modo</span> <span class='ocrx_word' id='word_1_84' title='bbox 404 345 502 364; x_wconf 75' lang='lat' dir='ltr'><strong>ascendant</strong></span> <span class='ocrx_word' id='word_1_85' title='bbox 515 345 537 363; x_wconf 81' lang='lat' dir='ltr'>ad</span> <span class='ocrx_word' id='word_1_86' title='bbox 553 345 693 369; x_wconf 72' lang='lat' dir='ltr'>quadringentas</span> <span class='ocrx_word' id='word_1_87' title='bbox 698 352 704 367; x_wconf 82' lang='lat'>;</span> <span class='ocrx_word' id='word_1_88' title='bbox 718 348 736 364; x_wconf 88' lang='lat' dir='ltr'>et</span> 
     </span>
     <span class='ocr_line' id='line_1_12' title="bbox 68 373 737 397; baseline 0 -6"><span class='ocrx_word' id='word_1_89' title='bbox 68 373 110 397; x_wconf 90' lang='lat' dir='ltr'>plus</span> <span class='ocrx_word' id='word_1_90' title='bbox 122 379 177 397; x_wconf 81' lang='lat' dir='ltr'>quam</span> <span class='ocrx_word' id='word_1_91' title='bbox 190 373 254 397; x_wconf 77' lang='lat' dir='ltr'>viginti</span> <span class='ocrx_word' id='word_1_92' title='bbox 267 373 408 391; x_wconf 71' lang='lat' dir='ltr'>communitates</span> <span class='ocrx_word' id='word_1_93' title='bbox 421 373 439 391; x_wconf 90' lang='lat' dir='ltr'>in</span> <span class='ocrx_word' id='word_1_94' title='bbox 448 376 490 391; x_wconf 85' lang='lat' dir='ltr'>octo</span> <span class='ocrx_word' id='word_1_95' title='bbox 502 373 615 391; x_wconf 75' lang='lat' dir='ltr'>dioecesibus</span> <span class='ocrx_word' id='word_1_96' title='bbox 628 373 737 391; x_wconf 83' lang='lat' dir='ltr'>constitutas</span> 
     </span>
     <span class='ocr_line' id='line_1_13' title="bbox 68 400 678 425; baseline 0 -6"><span class='ocrx_word' id='word_1_97' title='bbox 68 401 172 423; x_wconf 77' lang='lat' dir='ltr'>efformem,</span> <span class='ocrx_word' id='word_1_98' title='bbox 186 401 270 425; x_wconf 88' lang='lat' dir='ltr'>spiritum</span> <span class='ocrx_word' id='word_1_99' title='bbox 284 401 372 419; x_wconf 87' lang='lat' dir='ltr'>virtutum</span> <span class='ocrx_word' id='word_1_100' title='bbox 385 401 410 425; x_wconf 88' lang='lat' dir='ltr'>pii</span> <span class='ocrx_word' id='word_1_101' title='bbox 424 400 533 419; x_wconf 85' lang='lat' dir='ltr'>Fundatoris</span> <span class='ocrx_word' id='word_1_102' title='bbox 545 404 678 420; x_wconf 31' lang='lat' dir='ltr'>conservantes*</span> 
     </span>
    </p>

    <p class='ocr_par' dir='ltr' id='par_1_4' title="bbox 68 428 738 614">
     <span class='ocr_line' id='line_1_14' title="bbox 107 428 736 453; baseline 0 -6"><span class='ocrx_word' id='word_1_103' title='bbox 107 429 208 453; x_wconf 78' lang='lat' dir='ltr'>Episcopus</span> <span class='ocrx_word' id='word_1_104' title='bbox 219 429 250 453; x_wconf 80' lang='lat' dir='ltr'>‘qui</span> <span class='ocrx_word' id='word_1_105' title='bbox 264 429 351 447; x_wconf 75' lang='lat' dir='ltr'>successit</span> <span class='ocrx_word' id='word_1_106' title='bbox 363 429 396 450; x_wconf 84' lang='lat' dir='ltr'>illi,</span> <span class='ocrx_word' id='word_1_107' title='bbox 407 429 438 453; x_wconf 81' lang='lat' dir='ltr'>qui</span> <span class='ocrx_word' id='word_1_108' title='bbox 450 428 520 452; x_wconf 81' lang='lat' dir='ltr'>regulas</span> <span class='ocrx_word' id='word_1_109' title='bbox 532 429 682 453; x_wconf 75' lang='lat' dir='ltr'>Congregationis</span> <span class='ocrx_word' id='word_1_110' title='bbox 695 429 736 448; x_wconf 87' lang='lat' dir='ltr'>Pre-</span> 
     </span>
     <span class='ocr_line' id='line_1_15' title="bbox 68 456 738 481; baseline 0 -7"><span class='ocrx_word' id='word_1_111' title='bbox 68 456 185 480; x_wconf 83' lang='lat' dir='ltr'>sbyterorum</span> <span class='ocrx_word' id='word_1_112' title='bbox 203 456 250 474; x_wconf 86' lang='lat' dir='ltr'>dicta</span> <span class='ocrx_word' id='word_1_113' title='bbox 265 456 394 480; x_wconf 74' lang='lat' dir='ltr'>adprobatione</span> <span class='ocrx_word' id='word_1_114' title='bbox 411 456 542 477; x_wconf 83' lang='lat' dir='ltr'>communivit,</span> <span class='ocrx_word' id='word_1_115' title='bbox 556 462 588 475; x_wconf 86' lang='lat' dir='ltr'>seu</span> <span class='ocrx_word' id='word_1_116' title='bbox 606 456 666 481; x_wconf 86' lang='lat' dir='ltr'>potius</span> <span class='ocrx_word' id='word_1_117' title='bbox 683 456 738 475; x_wconf 87' lang='lat' dir='ltr'>Curia</span> 
     </span>
     <span class='ocr_line' id='line_1_16' title="bbox 68 484 738 509; baseline 0 -7"><span class='ocrx_word' id='word_1_118' title='bbox 68 484 178 508; x_wconf 79' lang='lat' dir='ltr'>episcopalis</span> <span class='ocrx_word' id='word_1_119' title='bbox 188 484 249 508; x_wconf 80' lang='lat' dir='ltr'>plures</span> <span class='ocrx_word' id='word_1_120' title='bbox 258 484 295 502; x_wconf 75' lang='lat' dir='ltr'>visa</span> <span class='ocrx_word' id='word_1_121' title='bbox 305 487 332 503; x_wconf 74' lang='lat' dir='ltr'>est</span> <span class='ocrx_word' id='word_1_122' title='bbox 339 484 419 508; x_wconf 89' lang='lat' dir='ltr'>reperire</span> <span class='ocrx_word' id='word_1_123' title='bbox 425 484 507 503; x_wconf 79' lang='lat' dir='ltr'>desectus</span> <span class='ocrx_word' id='word_1_124' title='bbox 515 484 552 503; x_wconf 82' lang='lat' dir='ltr'>sive</span> <span class='ocrx_word' id='word_1_125' title='bbox 561 484 580 502; x_wconf 91' lang='lat' dir='ltr'>in</span> <span class='ocrx_word' id='word_1_126' title='bbox 590 484 628 508; x_wconf 88' lang='lat' dir='ltr'>ipsa</span> <span class='ocrx_word' id='word_1_127' title='bbox 641 490 738 509; x_wconf 74' lang='lat' dir='ltr'>congrega·</span> 
     </span>
     <span class='ocr_line' id='line_1_17' title="bbox 70 511 737 536; baseline 0 -6"><span class='ocrx_word' id='word_1_128' title='bbox 70 512 121 531; x_wconf 84' lang='lat' dir='ltr'>tione</span> <span class='ocrx_word' id='word_1_129' title='bbox 139 512 193 531; x_wconf 87' lang='lat' dir='ltr'>trium</span> <span class='ocrx_word' id='word_1_130' title='bbox 210 512 372 536; x_wconf 78' lang='lat' dir='ltr'>Presbyterorum,</span> <span class='ocrx_word' id='word_1_131' title='bbox 386 512 423 531; x_wconf 85' lang='lat' dir='ltr'>sive</span> <span class='ocrx_word' id='word_1_132' title='bbox 437 512 455 530; x_wconf 92' lang='lat' dir='ltr'>in</span> <span class='ocrx_word' id='word_1_133' title='bbox 471 512 540 531; x_wconf 82' lang='lat' dir='ltr'>circulo</span> <span class='ocrx_word' id='word_1_134' title='bbox 553 511 649 534; x_wconf 83' lang='lat' dir='ltr'>iuvenuin,</span> <span class='ocrx_word' id='word_1_135' title='bbox 664 513 702 531; x_wconf 87' lang='lat' dir='ltr'>sive</span> <span class='ocrx_word' id='word_1_136' title='bbox 719 513 737 530; x_wconf 93' lang='lat' dir='ltr'>in</span> 
     </span>
     <span class='ocr_line' id='line_1_18' title="bbox 68 540 738 564; baseline -0.001 -5"><span class='ocrx_word' id='word_1_137' title='bbox 68 540 175 559; x_wconf 69' lang='lat' dir='ltr'>adoratione</span> <span class='ocrx_word' id='word_1_138' title='bbox 192 540 242 559; x_wconf 75' lang='lat' dir='ltr'>ssffii</span> <span class='ocrx_word' id='word_1_139' title='bbox 256 540 377 562; x_wconf 81' lang='lat' dir='ltr'>Sacramenti,</span> <span class='ocrx_word' id='word_1_140' title='bbox 392 540 430 559; x_wconf 87' lang='lat' dir='ltr'>sive</span> <span class='ocrx_word' id='word_1_141' title='bbox 447 540 465 558; x_wconf 90' lang='lat' dir='ltr'>in</span> <span class='ocrx_word' id='word_1_142' title='bbox 482 540 625 564; x_wconf 81' lang='lat' dir='ltr'>possessionibus</span> <span class='ocrx_word' id='word_1_143' title='bbox 642 546 687 564; x_wconf 88' lang='lat' dir='ltr'>quas</span> <span class='ocrx_word' id='word_1_144' title='bbox 703 541 738 564; x_wconf 89' lang='lat' dir='ltr'>ipsi</span> 
     </span>
     <span class='ocr_line' id='line_1_19' title="bbox 69 568 738 593; baseline 0.001 -7"><span class='ocrx_word' id='word_1_145' title='bbox 69 568 174 593; x_wconf 74' lang='lat' dir='ltr'>Presbyteri</span> <span class='ocrx_word' id='word_1_146' title='bbox 188 568 285 590; x_wconf 84' lang='lat' dir='ltr'>habebant,</span> <span class='ocrx_word' id='word_1_147' title='bbox 297 568 335 587; x_wconf 87' lang='lat' dir='ltr'>sive</span> <span class='ocrx_word' id='word_1_148' title='bbox 349 568 366 586; x_wconf 89' lang='lat' dir='ltr'>in</span> <span class='ocrx_word' id='word_1_149' title='bbox 380 568 483 592; x_wconf 82' lang='lat' dir='ltr'>recipienda</span> <span class='ocrx_word' id='word_1_150' title='bbox 496 568 572 592; x_wconf 74' lang='lat' dir='ltr'>pecunia</span> <span class='ocrx_word' id='word_1_151' title='bbox 585 574 595 586; x_wconf 83' lang='lat' dir='ltr'>a</span> <span class='ocrx_word' id='word_1_152' title='bbox 607 569 738 587; x_wconf 71' lang='lat' dir='ltr'>communitate</span> 
     </span>
     <span class='ocr_line' id='line_1_20' title="bbox 69 596 175 614; baseline 0 0"><span class='ocrx_word' id='word_1_153' title='bbox 69 596 175 614; x_wconf 87' lang='lat' dir='ltr'>mulierum.</span> 
     </span>
    </p>

    <p class='ocr_par' dir='ltr' id='par_1_5' title="bbox 69 623 740 893">
     <span class='ocr_line' id='line_1_21' title="bbox 107 623 737 649; baseline 0 -7"><span class='ocrx_word' id='word_1_154' title='bbox 107 624 155 647; x_wconf 86' lang='lat' dir='ltr'>Quin</span> <span class='ocrx_word' id='word_1_155' title='bbox 168 628 227 643; x_wconf 86' lang='lat' dir='ltr'>tamen</span> <span class='ocrx_word' id='word_1_156' title='bbox 236 624 303 648; x_wconf 83' lang='lat' dir='ltr'>aliquid</span> <span class='ocrx_word' id='word_1_157' title='bbox 313 624 371 643; x_wconf 82' lang='lat' dir='ltr'>ex&#39;his</span> <span class='ocrx_word' id='word_1_158' title='bbox 380 623 482 643; x_wconf 70' lang='lat' dir='ltr'>defectibus</span> <span class='ocrx_word' id='word_1_159' title='bbox 494 624 604 648; x_wconf 66' lang='lat' dir='ltr'>patefaceret</span> <span class='ocrx_word' id='word_1_160' title='bbox 617 624 737 649; x_wconf 83' lang='lat' dir='ltr'>Presbyteris‚</span> 
     </span>
     <span class='ocr_line' id='line_1_22' title="bbox 69 651 737 676; baseline 0 -6"><span class='ocrx_word' id='word_1_161' title='bbox 69 658 108 670; x_wconf 84' lang='lat' dir='ltr'>rem</span> <span class='ocrx_word' id='word_1_162' title='bbox 123 652 148 669; x_wconf 83' lang='lat' dir='ltr'>ita</span> <span class='ocrx_word' id='word_1_163' title='bbox 161 651 261 676; x_wconf 79' lang='lat' dir='ltr'>disposuit,</span> <span class='ocrx_word' id='word_1_164' title='bbox 276 655 296 670; x_wconf 86' lang='lat' dir='ltr'>ut</span> <span class='ocrx_word' id='word_1_165' title='bbox 309 652 352 670; x_wconf 78' lang='lat' dir='ltr'>haec</span> <span class='ocrx_word' id='word_1_166' title='bbox 366 657 420 676; x_wconf 89' lang='lat' dir='ltr'>parva</span> <span class='ocrx_word' id='word_1_167' title='bbox 433 652 547 675; x_wconf 78' lang='lat' dir='ltr'>congregatio</span> <span class='ocrx_word' id='word_1_168' title='bbox 564 658 635 670; x_wconf 81' lang='lat' dir='ltr'>cessare</span> <span class='ocrx_word' id='word_1_169' title='bbox 652 652 737 671; x_wconf 77' lang='lat' dir='ltr'>deberet:</span> 
     </span>
     <span class='ocr_line' id='line_1_23' title="bbox 69 679 739 704; baseline 0.001 -7"><span class='ocrx_word' id='word_1_170' title='bbox 69 685 149 703; x_wconf 86' lang='lat' dir='ltr'>namque</span> <span class='ocrx_word' id='word_1_171' title='bbox 162 679 191 698; x_wconf 86' lang='lat' dir='ltr'>die</span> <span class='ocrx_word' id='word_1_172' title='bbox 204 680 227 697; x_wconf 72' lang='lat'>24</span> <span class='ocrx_word' id='word_1_173' title='bbox 240 679 352 703; x_wconf 83' lang='lat' dir='ltr'>Septembris</span> <span class='ocrx_word' id='word_1_174' title='bbox 368 680 412 698; x_wconf 79' lang='lat'><strong>1867</strong></span> <span class='ocrx_word' id='word_1_175' title='bbox 426 679 521 704; x_wconf 82' lang='lat' dir='ltr'>epistolam</span> <span class='ocrx_word' id='word_1_176' title='bbox 535 680 608 704; x_wconf 74' lang='lat' dir='ltr'>scripsit</span> <span class='ocrx_word' id='word_1_177' title='bbox 623 680 645 698; x_wconf 82' lang='lat' dir='ltr'>:id</span> <span class='ocrx_word' id='word_1_178' title='bbox 662 680 739 704; x_wconf 80' lang='lat' dir='ltr'>Presby-</span> 
     </span>
     <span class='ocr_line' id='line_1_24' title="bbox 71 707 737 731; baseline 0.002 -6"><span class='ocrx_word' id='word_1_179' title='bbox 71 711 131 726; x_wconf 79' lang='lat' dir='ltr'>terum</span> <span class='ocrx_word' id='word_1_180' title='bbox 148 707 163 725; x_wconf 82' lang='lat' dir='ltr'>B</span> <span class='ocrx_word' id='word_1_181' title='bbox 176 707 193 725; x_wconf 92' lang='lat' dir='ltr'>in</span> <span class='ocrx_word' id='word_1_182' title='bbox 210 713 245 731; x_wconf 84' lang='lat' dir='ltr'>qua</span> <span class='ocrx_word' id='word_1_183' title='bbox 258 708 317 731; x_wconf 89' lang='lat' dir='ltr'>ipsum</span> <span class='ocrx_word' id='word_1_184' title='bbox 330 707 453 726; x_wconf 81' lang='lat' dir='ltr'>constituebat</span> <span class='ocrx_word' id='word_1_185' title='bbox 466 707 597 731; x_wconf 83' lang='lat' dir='ltr'>Cappellanum</span> <span class='ocrx_word' id='word_1_186' title='bbox 614 708 672 726; x_wconf 81' lang='lat' dir='ltr'>dictae</span> <span class='ocrx_word' id='word_1_187' title='bbox 690 714 737 726; x_wconf 85' lang='lat' dir='ltr'>com-</span> 
     </span>
     <span class='ocr_line' id='line_1_25' title="bbox 71 734 740 760; baseline 0.003 -8"><span class='ocrx_word' id='word_1_188' title='bbox 71 735 167 753; x_wconf 75' lang='lat' dir='ltr'>munitatis</span> <span class='ocrx_word' id='word_1_189' title='bbox 180 734 275 753; x_wconf 85' lang='lat' dir='ltr'>Mulierum</span> <span class='ocrx_word' id='word_1_190' title='bbox 289 735 306 753; x_wconf 91' lang='lat' dir='ltr'>in</span> <span class='ocrx_word' id='word_1_191' title='bbox 324 741 345 753; x_wconf 86' lang='lat' dir='ltr'>ea</span> <span class='ocrx_word' id='word_1_192' title='bbox 358 734 450 759; x_wconf 81' lang='lat' dir='ltr'>cappella,</span> <span class='ocrx_word' id='word_1_193' title='bbox 464 735 495 753; x_wconf 86' lang='lat' dir='ltr'>ubi</span> <span class='ocrx_word' id='word_1_194' title='bbox 513 735 628 759; x_wconf 76' lang='lat' dir='ltr'>congregatio</span> <span class='ocrx_word' id='word_1_195' title='bbox 644 735 740 760; x_wconf 77' lang='lat' dir='ltr'>Presbyte-</span> 
     </span>
     <span class='ocr_line' id='line_1_26' title="bbox 72 762 739 787; baseline 0.003 -7"><span class='ocrx_word' id='word_1_196' title='bbox 72 768 140 784; x_wconf 78' lang='lat' dir='ltr'>rorum,</span> <span class='ocrx_word' id='word_1_197' title='bbox 152 766 171 780; x_wconf 92' lang='lat' dir='ltr'>ut</span> <span class='ocrx_word' id='word_1_198' title='bbox 180 762 249 781; x_wconf 82' lang='lat' dir='ltr'>dictum</span> <span class='ocrx_word' id='word_1_199' title='bbox 257 766 292 784; x_wconf 82' lang='lat' dir='ltr'>est,</span> <span class='ocrx_word' id='word_1_200' title='bbox 303 763 399 787; x_wconf 82' lang='lat' dir='ltr'>praecipua</span> <span class='ocrx_word' id='word_1_201' title='bbox 412 762 508 781; x_wconf 75' lang='lat' dir='ltr'>exercebat</span> <span class='ocrx_word' id='word_1_202' title='bbox 522 763 595 787; x_wconf 83' lang='lat' dir='ltr'>pictatis</span> <span class='ocrx_word' id='word_1_203' title='bbox 605 763 669 784; x_wconf 82' lang='lat' dir='ltr'>officia,</span> <span class='ocrx_word' id='word_1_204' title='bbox 679 763 739 782; x_wconf 85' lang='lat' dir='ltr'>eidem</span> 
     </span>
     <span class='ocr_line' id='line_1_27' title="bbox 73 790 740 815; baseline 0.001 -7"><span class='ocrx_word' id='word_1_205' title='bbox 73 791 167 814; x_wconf 84' lang='lat' dir='ltr'>imponens</span> <span class='ocrx_word' id='word_1_206' title='bbox 180 790 258 809; x_wconf 87' lang='lat' dir='ltr'>officium</span> <span class='ocrx_word' id='word_1_207' title='bbox 272 790 346 809; x_wconf 71' lang='lat' dir='ltr'>fiduciae</span> <span class='ocrx_word' id='word_1_208' title='bbox 360 790 441 814; x_wconf 86' lang='lat' dir='ltr'>plenum,</span> <span class='ocrx_word' id='word_1_209' title='bbox 456 794 476 808; x_wconf 91' lang='lat' dir='ltr'>ut</span> <span class='ocrx_word' id='word_1_210' title='bbox 489 791 536 809; x_wconf 84' lang='lat' dir='ltr'>bono</span> <span class='ocrx_word' id='word_1_211' title='bbox 549 791 642 815; x_wconf 85' lang='lat' dir='ltr'>Spirituali</span> <span class='ocrx_word' id='word_1_212' title='bbox 658 797 740 810; x_wconf 87' lang='lat' dir='ltr'>commu-</span> 
     </span>
     <span class='ocr_line' id='line_1_28' title="bbox 73 818 740 843; baseline 0.003 -7"><span class='ocrx_word' id='word_1_213' title='bbox 73 818 134 836; x_wconf 78' lang='lat' dir='ltr'>nitatis</span> <span class='ocrx_word' id='word_1_214' title='bbox 147 818 229 836; x_wconf 86' lang='lat' dir='ltr'>eiusdem</span> <span class='ocrx_word' id='word_1_215' title='bbox 238 818 351 843; x_wconf 81' lang='lat' dir='ltr'>aliorumque</span> <span class='ocrx_word' id='word_1_216' title='bbox 364 819 466 840; x_wconf 78' lang='lat' dir='ltr'>inserviret,</span> <span class='ocrx_word' id='word_1_217' title='bbox 477 819 501 837; x_wconf 90' lang='lat' dir='ltr'>ita</span> <span class='ocrx_word' id='word_1_218' title='bbox 516 823 583 840; x_wconf 86' lang='lat' dir='ltr'>tamen,</span> <span class='ocrx_word' id='word_1_219' title='bbox 594 823 614 837; x_wconf 92' lang='lat' dir='ltr'>ut</span> <span class='ocrx_word' id='word_1_220' title='bbox 626 819 740 838; x_wconf 72' lang='lat' dir='ltr'>circumscri-</span> 
     </span>
     <span class='ocr_line' id='line_1_29' title="bbox 74 846 739 872; baseline 0.005 -9"><span class='ocrx_word' id='word_1_221' title='bbox 74 849 114 869; x_wconf 79' lang='lat' dir='ltr'>ptus</span> <span class='ocrx_word' id='word_1_222' title='bbox 126 850 175 865; x_wconf 76' lang='lat' dir='ltr'>esset</span> <span class='ocrx_word' id='word_1_223' title='bbox 188 846 228 864; x_wconf 82' lang='lat' dir='ltr'>eius</span> <span class='ocrx_word' id='word_1_224' title='bbox 240 846 289 865; x_wconf 88' lang='lat' dir='ltr'>zelus</span> <span class='ocrx_word' id='word_1_225' title='bbox 303 847 320 864; x_wconf 92' lang='lat' dir='ltr'>in</span> <span class='ocrx_word' id='word_1_226' title='bbox 334 853 354 865; x_wconf 80' lang='lat' dir='ltr'>es</span> <span class='ocrx_word' id='word_1_227' title='bbox 367 847 499 866; x_wconf 81' lang='lat' dir='ltr'>communitate</span> <span class='ocrx_word' id='word_1_228' title='bbox 508 851 562 871; x_wconf 81' lang='lat' dir='ltr'>atque</span> <span class='ocrx_word' id='word_1_229' title='bbox 576 847 593 865; x_wconf 88' lang='lat' dir='ltr'>iu</span> <span class='ocrx_word' id='word_1_230' title='bbox 607 848 641 872; x_wconf 85' lang='lat' dir='ltr'>piis</span> <span class='ocrx_word' id='word_1_231' title='bbox 653 848 739 872; x_wconf 80' lang='lat' dir='ltr'>operibus</span> 
     </span>
     <span class='ocr_line' id='line_1_30' title="bbox 72 873 518 893; baseline 0.002 -2"><span class='ocrx_word' id='word_1_232' title='bbox 72 873 96 891; x_wconf 81' lang='lat' dir='ltr'>ab</span> <span class='ocrx_word' id='word_1_233' title='bbox 108 873 170 892; x_wconf 81' lang='lat' dir='ltr'>eadem</span> <span class='ocrx_word' id='word_1_234' title='bbox 184 873 281 892; x_wconf 85' lang='lat' dir='ltr'>mulierum</span> <span class='ocrx_word' id='word_1_235' title='bbox 294 874 425 893; x_wconf 82' lang='lat' dir='ltr'>communitate</span> <span class='ocrx_word' id='word_1_236' title='bbox 438 874 518 893; x_wconf 82' lang='lat' dir='ltr'>directis.</span> 
     </span>
    </p>

    <p class='ocr_par' dir='ltr' id='par_1_6' title="bbox 8 901 741 1010">
     <span class='ocr_line' id='line_1_31' title="bbox 9 901 740 922; baseline 0.004 -3"><span class='ocrx_word' id='word_1_237' title='bbox 9 917 11 920; x_wconf 84' lang='grc'><strong>,</strong></span> <span class='ocrx_word' id='word_1_238' title='bbox 109 901 154 920; x_wconf 84' lang='lat' dir='ltr'>Item</span> <span class='ocrx_word' id='word_1_239' title='bbox 172 907 238 919; x_wconf 90' lang='lat' dir='ltr'>novum</span> <span class='ocrx_word' id='word_1_240' title='bbox 252 901 386 920; x_wconf 74' lang='lat' dir='ltr'>confessarium</span> <span class='ocrx_word' id='word_1_241' title='bbox 404 902 427 920; x_wconf 92' lang='lat' dir='ltr'>ab</span> <span class='ocrx_word' id='word_1_242' title='bbox 444 902 472 920; x_wconf 82' lang='lat' dir='ltr'>his</span> <span class='ocrx_word' id='word_1_243' title='bbox 489 902 546 921; x_wconf 91' lang='lat' dir='ltr'>tribus</span> <span class='ocrx_word' id='word_1_244' title='bbox 562 903 690 922; x_wconf 81' lang='lat' dir='ltr'>Sacerdotibus</span> <span class='ocrx_word' id='word_1_245' title='bbox 708 910 740 922; x_wconf 57' lang='lat' dir='ltr'>ex«</span> 
     </span>
     <span class='ocr_line' id='line_1_32' title="bbox 8 928 739 956; baseline 0.005 -10"><span class='ocrx_word' id='word_1_246' title='bbox 8 928 13 956; x_wconf 61' lang='grc' dir='ltr'><em>ᾗ</em></span> <span class='ocrx_word' id='word_1_247' title='bbox 73 932 155 947; x_wconf 83' lang='lat' dir='ltr'>traueum</span> <span class='ocrx_word' id='word_1_248' title='bbox 168 929 264 947; x_wconf 87' lang='lat' dir='ltr'>constituit</span> <span class='ocrx_word' id='word_1_249' title='bbox 283 929 301 947; x_wconf 91' lang='lat' dir='ltr'>in</span> <span class='ocrx_word' id='word_1_250' title='bbox 320 929 376 948; x_wconf 86' lang='lat' dir='ltr'>altera</span> <span class='ocrx_word' id='word_1_251' title='bbox 396 929 450 948; x_wconf 87' lang='lat' dir='ltr'>domo</span> <span class='ocrx_word' id='word_1_252' title='bbox 469 930 573 949; x_wconf 84' lang='lat' dir='ltr'>earumdem</span> <span class='ocrx_word' id='word_1_253' title='bbox 588 930 695 953; x_wconf 84' lang='lat' dir='ltr'>Mulierum,</span> <span class='ocrx_word' id='word_1_254' title='bbox 710 932 739 950; x_wconf 83' lang='lat' dir='ltr'>eui</span> 
     </span>
     <span class='ocr_line' id='line_1_33' title="bbox 8 956 741 982; baseline 0.003 -7"><span class='ocrx_word' id='word_1_255' title='bbox 8 957 13 981; x_wconf 70' lang='grc' dir='ltr'><strong><em>ξ</em></strong></span> <span class='ocrx_word' id='word_1_256' title='bbox 73 960 158 981; x_wconf 84' lang='lat' dir='ltr'>tanquam</span> <span class='ocrx_word' id='word_1_257' title='bbox 167 956 298 981; x_wconf 83' lang='lat' dir='ltr'>Cappellauum</span> <span class='ocrx_word' id='word_1_258' title='bbox 307 957 410 975; x_wconf 71' lang='lat' dir='ltr'>adiunctum</span> <span class='ocrx_word' id='word_1_259' title='bbox 422 958 522 976; x_wconf 86' lang='lat' dir='ltr'>nominarit</span> <span class='ocrx_word' id='word_1_260' title='bbox 531 958 659 982; x_wconf 84' lang='lat' dir='ltr'>Presbyterum</span> <span class='ocrx_word' id='word_1_261' title='bbox 668 958 689 980; x_wconf 64' lang='grc' dir='ltr'>(ῖς</span> <span class='ocrx_word' id='word_1_262' title='bbox 699 959 741 977; x_wconf 86' lang='lat' dir='ltr'>reli-</span> 
     </span>
     <span class='ocr_line' id='line_1_34' title="bbox 9 984 640 1010; baseline 0.003 -8"><span class='ocrx_word' id='word_1_263' title='bbox 9 989 12 994; x_wconf 56' lang='lat'><em>*</em></span> <span class='ocrx_word' id='word_1_264' title='bbox 72 985 113 1008; x_wconf 80' lang='lat' dir='ltr'>quit</span> <span class='ocrx_word' id='word_1_265' title='bbox 124 989 186 1003; x_wconf 83' lang='lat' dir='ltr'>autem</span> <span class='ocrx_word' id='word_1_266' title='bbox 199 984 265 1006; x_wconf 86' lang='lat' dir='ltr'>solum,</span> <span class='ocrx_word' id='word_1_267' title='bbox 275 988 294 1004; x_wconf 84' lang='lat' dir='ltr'>et</span> <span class='ocrx_word' id='word_1_268' title='bbox 303 985 347 1003; x_wconf 86' lang='lat' dir='ltr'>nihil</span> <span class='ocrx_word' id='word_1_269' title='bbox 360 985 450 1009; x_wconf 86' lang='lat' dir='ltr'>disposuit</span> <span class='ocrx_word' id='word_1_270' title='bbox 462 986 484 1004; x_wconf 85' lang='lat' dir='ltr'>de</span> <span class='ocrx_word' id='word_1_271' title='bbox 497 985 606 1010; x_wconf 80' lang='lat' dir='ltr'>Presbytero</span> <span class='ocrx_word' id='word_1_272' title='bbox 619 987 640 1004; x_wconf 75' lang='grc' dir='ltr'>Α,</span> 
     </span>
    </p>

    <p class='ocr_par' dir='ltr' id='par_1_7' title="bbox 70 1012 740 1117">
     <span class='ocr_line' id='line_1_35' title="bbox 109 1012 740 1038; baseline 0.005 -7"><span class='ocrx_word' id='word_1_273' title='bbox 109 1012 139 1031; x_wconf 85' lang='lat' dir='ltr'>llis</span> <span class='ocrx_word' id='word_1_274' title='bbox 152 1012 302 1037; x_wconf 80' lang='lat' dir='ltr'>dispositionibus</span> <span class='ocrx_word' id='word_1_275' title='bbox 315 1013 399 1037; x_wconf 73' lang='lat' dir='ltr'>cognitis,</span> <span class='ocrx_word' id='word_1_276' title='bbox 409 1019 454 1037; x_wconf 87' lang='lat' dir='ltr'>quas</span> <span class='ocrx_word' id='word_1_277' title='bbox 464 1013 564 1038; x_wconf 83' lang='lat' dir='ltr'>Episcopus</span> <span class='ocrx_word' id='word_1_278' title='bbox 574 1015 621 1033; x_wconf 83' lang='lat' dir='ltr'>intra</span> <span class='ocrx_word' id='word_1_279' title='bbox 634 1014 689 1034; x_wconf 80' lang='lat' dir='ltr'>breve</span> <span class='ocrx_word' id='word_1_280' title='bbox 702 1014 740 1034; x_wconf 75' lang='lat' dir='ltr'>die-</span> 
     </span>
     <span class='ocr_line' id='line_1_36' title="bbox 70 1041 740 1067; baseline 0.004 -9"><span class='ocrx_word' id='word_1_281' title='bbox 70 1045 115 1058; x_wconf 85' lang='lat' dir='ltr'>rum</span> <span class='ocrx_word' id='word_1_282' title='bbox 129 1041 209 1065; x_wconf 84' lang='lat' dir='ltr'>spatium</span> <span class='ocrx_word' id='word_1_283' title='bbox 225 1041 338 1060; x_wconf 80' lang='lat' dir='ltr'>exsecutioni</span> <span class='ocrx_word' id='word_1_284' title='bbox 355 1041 464 1060; x_wconf 84' lang='lat' dir='ltr'>mandandas</span> <span class='ocrx_word' id='word_1_285' title='bbox 482 1042 633 1066; x_wconf 80' lang='lat' dir='ltr'>praescripserat,</span> <span class='ocrx_word' id='word_1_286' title='bbox 650 1042 740 1067; x_wconf 88' lang='lat' dir='ltr'>Episcopo</span> 
     </span>
     <span class='ocr_line' id='line_1_37' title="bbox 70 1069 739 1094; baseline 0.004 -8"><span class='ocrx_word' id='word_1_287' title='bbox 70 1069 204 1093; x_wconf 73' lang='lat' dir='ltr'>rescripserunt</span> <span class='ocrx_word' id='word_1_288' title='bbox 217 1072 254 1087; x_wconf 82' lang='lat' dir='ltr'>tres</span> <span class='ocrx_word' id='word_1_289' title='bbox 263 1069 317 1087; x_wconf 85' lang='lat' dir='ltr'>simul</span> <span class='ocrx_word' id='word_1_290' title='bbox 326 1069 436 1094; x_wconf 70' lang='lat' dir='ltr'>Presbyteri,</span> <span class='ocrx_word' id='word_1_291' title='bbox 446 1070 534 1091; x_wconf 84' lang='lat' dir='ltr'>dicentes,</span> <span class='ocrx_word' id='word_1_292' title='bbox 549 1076 568 1089; x_wconf 88' lang='lat' dir='ltr'>se</span> <span class='ocrx_word' id='word_1_293' title='bbox 581 1070 739 1094; x_wconf 77' lang='lat' dir='ltr'>congregationem</span> 
     </span>
     <span class='ocr_line' id='line_1_38' title="bbox 70 1097 740 1117; baseline 0.004 -3"><span class='ocrx_word' id='word_1_294' title='bbox 70 1097 183 1116; x_wconf 81' lang='lat' dir='ltr'>constituere</span> <span class='ocrx_word' id='word_1_295' title='bbox 196 1097 281 1116; x_wconf 88' lang='lat' dir='ltr'>canonice</span> <span class='ocrx_word' id='word_1_296' title='bbox 295 1101 380 1116; x_wconf 83' lang='lat' dir='ltr'>erectam:</span> <span class='ocrx_word' id='word_1_297' title='bbox 395 1104 414 1116; x_wconf 89' lang='lat' dir='ltr'>se</span> <span class='ocrx_word' id='word_1_298' title='bbox 426 1098 538 1117; x_wconf 84' lang='lat' dir='ltr'>renuntiasse</span> <span class='ocrx_word' id='word_1_299' title='bbox 547 1098 604 1116; x_wconf 83' lang='lat' dir='ltr'>cuivis</span> <span class='ocrx_word' id='word_1_300' title='bbox 618 1098 708 1117; x_wconf 79' lang='lat' dir='ltr'>Beneficio</span> <span class='ocrx_word' id='word_1_301' title='bbox 721 1101 740 1117; x_wconf 85' lang='lat' dir='ltr'>et</span> 
     </span>
    </p>
   </div>
   <div class='ocr_carea' id='block_1_3' title="bbox 70 1124 739 1164">
    <p class='ocr_par' dir='ltr' id='par_1_8' title="bbox 70 1124 739 1164">
     <span class='ocr_line' id='line_1_39' title="bbox 70 1124 739 1150; baseline 0.004 -8"><span class='ocrx_word' id='word_1_302' title='bbox 70 1124 172 1148; x_wconf 74' lang='lat' dir='ltr'>stipendio:</span> <span class='ocrx_word' id='word_1_303' title='bbox 187 1125 216 1149; x_wconf 88' lang='lat' dir='ltr'>pia</span> <span class='ocrx_word' id='word_1_304' title='bbox 233 1125 318 1144; x_wconf 79' lang='lat' dir='ltr'>instituta</span> <span class='ocrx_word' id='word_1_305' title='bbox 334 1125 408 1144; x_wconf 71' lang='lat' dir='ltr'>tundata</span> <span class='ocrx_word' id='word_1_306' title='bbox 425 1131 435 1144; x_wconf 81' lang='lat' dir='ltr'>a</span> <span class='ocrx_word' id='word_1_307' title='bbox 448 1125 547 1150; x_wconf 26' lang='lat' dir='ltr'>‘Sacerdote</span> <span class='ocrx_word' id='word_1_308' title='bbox 564 1126 577 1144; x_wconf 85' lang='grc' dir='ltr'><strong>Ν</strong></span> <span class='ocrx_word' id='word_1_309' title='bbox 596 1126 653 1145; x_wconf 77' lang='lat' dir='ltr'>teneri</span> <span class='ocrx_word' id='word_1_310' title='bbox 671 1126 739 1145; x_wconf 80' lang='lat' dir='ltr'>eisdem</span> 
     </span>
     <span class='ocr_line' id='line_1_40' title="bbox 657 1155 666 1164; baseline 0.111 -1"><span class='ocrx_word' id='word_1_311' title='bbox 657 1155 666 1164; x_wconf 59' lang='lat' dir='ltr'>a</span> 
     </span>
    </p>
   </div>
   <div class='ocr_carea' id='block_1_4' title="bbox 67 1207 146 1221">
    <p class='ocr_par' dir='ltr' id='par_1_9' title="bbox 67 1207 146 1221">
     <span class='ocr_line' id='line_1_41' title="bbox 67 1207 146 1221; baseline 0.025 -2"><span class='ocrx_word' id='word_1_312' title='bbox 67 1207 146 1221; x_wconf 49' lang='lat' dir='ltr'>‚enixum</span> 
     </span>
    </p>
   </div>
  </div>
 </body>
</html>
